% Bibliografía

% Este fichero contiene la bibliografía de la memoria
% Está en un formato que se conoce como BibTex.
% Hay muchos sitios web que exportan referencias en formato BibTeX. 
% Prueba a buscar en http://scholar.google.com por referencias
% y verás que lo puedes hacer de manera sencilla.
% Más información: 
% http://texblog.org/2014/04/22/using-google-scholar-to-download-bibtex-citations/

% Existen varias posibilidades para referenciar diferentes tipos de documentos,
% ya que los datos necesarios varían. Así, existen formatos de entrada para
%     * libros (book)
%     * artículos en revistas de investigación (article)
%     * capítulos de libro (incollection)
%     * informes técnicos (techreport)
%     * otros (misc)
%
% Las páginas web deberían ir como misc.

% Una última cosa: no referencias nunca la WikiPedia
% La WikiPedia, como buena enciclopedia, no es fuente primaria.
% Si acaso, busca por citas en la WikiPedia (que sí ha de referenciar fuentes
% primarias) y haz referencia a las mismas.

@Misc{python, 
	title = {Documentación Python}, 
	note = {\\ https://www.python.org/}
}

@Misc{uml,
  title = {Especificación UML},
  note = {\\ https://www.omg.org/spec/UML/2.5.1/PDF}
}

@Misc{django,
	title =	 {Documentación Django},
	note =	 {\\ https://docs.djangoproject.com/en/3.2/}
}

@Misc{heroku,
	title =	 {Documentación Heroku},
	note =	 {\\ https://devcenter.heroku.com/categories/reference}
}

@Misc{heroku-postgresql,
	title =	 {Documentación Heroku Postgres},
	note =	 {\\ https://devcenter.heroku.com/articles/heroku-postgresql}
}

@Misc{git,
	title =	 {Página de Git},
	note =	 {\\ https://git-scm.com/}
}

@Misc{bootstrap,
	title =	 {Página de Bootstrap},
	note =	 {\\ https://getbootstrap.com/}
}

@Misc{sqlite,
	title =	 {Página de SQLite},
	note =	 {\\ https://www.sqlite.org/about.html}
}

@Misc{postgresql,
	title =	 {Página de PostgreSQL},
	note =	 {\\ https://www.postgresql.org/about/}
}

@Misc{vscode,
	title =	 {Sitio Web oficial Visual Studio Code},
	note =	 {\\ https://code.visualstudio.com/}
}

@Misc{wsl2,
	title =	 {Documentación WSL},
	note =	 {\\ https://docs.microsoft.com/es-es/windows/wsl/install}
}

@Misc{diagrams.net,
	title =	 {Página de Diagrams.net},
	note =	 {\\ https://www.diagrams.net/}
}


